@article{collection,
  title        = {Learning Common Structures in a Collection of Networks. {{An}} Application to Food Webs},
  author       = {Chabert-Liddell, Saint-Clair and Barbillon, Pierre and Donnet, Sophie},
  date         = {2024-06},
  journaltitle = {The Annals of Applied Statistics},
  volume       = {18},
  number       = {2},
  pages        = {1213--1235},
  publisher    = {Institute of Mathematical Statistics},
  issn         = {1932-6157, 1941-7330},
  doi          = {10.1214/23-AOAS1831},
  url          = {https://projecteuclid.org/journals/annals-of-applied-statistics/volume-18/issue-2/Learning-common-structures-in-a-collection-of-networks-An-application/10.1214/23-AOAS1831.full},
  keywords     = {clustering,ecology,latent variable models,networks,Stochastic block model}
}