@article{collection,
  title={Learning common structures in a collection of networks. An application to food webs},
  author={Chabert-Liddell, Saint-Clair and Barbillon, Pierre and Donnet, Sophie},
  journal={arXiv preprint arXiv:2206.00560},
  year={2022}
}
